<record><leader>00000cas a2200000 a 4500</leader><controlfield tag="001">758538588</controlfield><controlfield tag="006">m     o  d        </controlfield><controlfield tag="007">cr |||||||||||</controlfield><controlfield tag="008">111025d19031922nyuwr noo     0    0eng c</controlfield><datafield ind1=" " ind2=" " tag="010"><subfield code="a">  2011263327</subfield></datafield><datafield ind1=" " ind2=" " tag="040"><subfield code="a">TXA</subfield><subfield code="b">eng</subfield><subfield code="c">TXA</subfield><subfield code="d">TXA</subfield><subfield code="d">OCLCQ</subfield><subfield code="d">OCLCE</subfield><subfield code="d">OCLCF</subfield><subfield code="d">OCLCO</subfield><subfield code="d">OCL</subfield></datafield><datafield ind1=" " ind2=" " tag="019"><subfield code="a">844705282</subfield><subfield code="a">876603287</subfield></datafield><datafield ind1=" " ind2=" " tag="042"><subfield code="a">pcc</subfield></datafield><datafield ind1=" " ind2=" " tag="043"><subfield code="a">n-us-ny</subfield></datafield><datafield ind1="1" ind2="4" tag="050"><subfield code="a">E184.J5</subfield><subfield code="b">A325</subfield></datafield><datafield ind1="0" ind2="4" tag="245"><subfield code="a">The American Hebrew and Jewish messenger</subfield><subfield code="h">[electronic resource].</subfield></datafield><datafield ind1="1" ind2=" " tag="246"><subfield code="a">American Hebrew &amp; Jewish messenger</subfield></datafield><datafield ind1="1" ind2=" " tag="246"><subfield code="a">American Hebrew</subfield></datafield><datafield ind1=" " ind2=" " tag="260"><subfield code="a">New York :</subfield><subfield code="b">American Hebrew Pub. Co.,</subfield><subfield code="c">[1903-1922]</subfield></datafield><datafield ind1=" " ind2=" " tag="310"><subfield code="a">Weekly</subfield></datafield><datafield ind1="1" ind2=" " tag="362"><subfield code="a">Began with: Vol. 72, no. 7 (Jan. 2, 1903); ceased with: Vol. 110, no. 23 (April 21, 1922)</subfield></datafield><datafield ind1=" " ind2=" " tag="500"><subfield code="a">Editor: I. Landman.</subfield></datafield><datafield ind1=" " ind2=" " tag="500"><subfield code="a">"The National Jewish weekly."</subfield></datafield><datafield ind1=" " ind2=" " tag="515"><subfield code="a">Issues for Jan. 2, 1903- also carry whole numbering whole no. 1207- .</subfield></datafield><datafield ind1=" " ind2=" " tag="580"><subfield code="a">Formed by the union of: American Hebrew (New York, N.Y. : 1879); and: Jewish messenger.</subfield></datafield><datafield ind1=" " ind2=" " tag="588"><subfield code="a">Description based on: Vol. 72, no. 7 (Jan. 2, 1903); title from PDF masthead (ProQuest, viewed Oct. 18, 2011).</subfield></datafield><datafield ind1=" " ind2=" " tag="588"><subfield code="a">Latest issue consulted: Vol. 110, no. 23 (April 21, 1922) (ProQuest, viewed Oct. 18, 2011).</subfield></datafield><datafield ind1=" " ind2="0" tag="650"><subfield code="a">Jews</subfield><subfield code="z">United States</subfield><subfield code="x">History</subfield><subfield code="y">1789-1945</subfield><subfield code="v">Sources.</subfield></datafield><datafield ind1=" " ind2="0" tag="650"><subfield code="a">Jewish way of life</subfield><subfield code="v">Newspapers.</subfield></datafield><datafield ind1=" " ind2="0" tag="650"><subfield code="a">Jewish newspapers</subfield><subfield code="z">New York (State)</subfield><subfield code="z">New York.</subfield></datafield><datafield ind1=" " ind2="0" tag="650"><subfield code="a">Jewish newspapers</subfield><subfield code="z">United States.</subfield></datafield><datafield ind1=" " ind2="0" tag="651"><subfield code="a">New York (N.Y.)</subfield><subfield code="v">Newspapers.</subfield></datafield><datafield ind1=" " ind2="0" tag="651"><subfield code="a">New York County (N.Y.)</subfield><subfield code="v">Newspapers.</subfield></datafield><datafield ind1=" " ind2="7" tag="650"><subfield code="a">Jewish newspapers.</subfield><subfield code="2">fast</subfield><subfield code="0">(OCoLC)fst00982872</subfield></datafield><datafield ind1=" " ind2="7" tag="650"><subfield code="a">Jewish way of life.</subfield><subfield code="2">fast</subfield><subfield code="0">(OCoLC)fst00983050</subfield></datafield><datafield ind1=" " ind2="7" tag="650"><subfield code="a">Jews.</subfield><subfield code="2">fast</subfield><subfield code="0">(OCoLC)fst00983135</subfield></datafield><datafield ind1=" " ind2="7" tag="651"><subfield code="a">New York (State)</subfield><subfield code="z">New York.</subfield><subfield code="2">fast</subfield><subfield code="0">(OCoLC)fst01204333</subfield></datafield><datafield ind1=" " ind2="7" tag="651"><subfield code="a">New York (State)</subfield><subfield code="z">New York County.</subfield><subfield code="2">fast</subfield><subfield code="0">(OCoLC)fst01234953</subfield></datafield><datafield ind1=" " ind2="7" tag="651"><subfield code="a">United States.</subfield><subfield code="2">fast</subfield><subfield code="0">(OCoLC)fst01204155</subfield></datafield><datafield ind1=" " ind2="7" tag="648"><subfield code="a">1789-1945</subfield><subfield code="2">fast</subfield></datafield><datafield ind1=" " ind2="7" tag="655"><subfield code="a">History.</subfield><subfield code="2">fast</subfield><subfield code="0">(OCoLC)fst01411628</subfield></datafield><datafield ind1=" " ind2="7" tag="655"><subfield code="a">Newspapers.</subfield><subfield code="2">fast</subfield><subfield code="0">(OCoLC)fst01423814</subfield></datafield><datafield ind1=" " ind2="7" tag="655"><subfield code="a">Sources.</subfield><subfield code="2">fast</subfield><subfield code="0">(OCoLC)fst01423900</subfield></datafield><datafield ind1="1" ind2=" " tag="700"><subfield code="a">Landman, Isaac,</subfield><subfield code="d">1880-1946.</subfield></datafield><datafield ind1=" " ind2=" " tag="752"><subfield code="a">United States</subfield><subfield code="b">New York</subfield><subfield code="c">New York</subfield><subfield code="d">New York</subfield></datafield><datafield ind1="0" ind2="8" tag="776"><subfield code="i">Print version:</subfield><subfield code="t">American Hebrew &amp; Jewish messenger</subfield><subfield code="w">(DLC)sn2003060366</subfield><subfield code="w">(OCoLC)10396001</subfield></datafield><datafield ind1="1" ind2="4" tag="780"><subfield code="t">American Hebrew (New York, N.Y. : 1879)</subfield><subfield code="w">(DLC)  2011263328</subfield><subfield code="w">(OCoLC)757759063</subfield></datafield><datafield ind1="1" ind2="4" tag="780"><subfield code="t">Jewish messenger (New York, N.Y.)</subfield><subfield code="w">(DLC)  2011263332</subfield><subfield code="w">(OCoLC)757765689</subfield></datafield><datafield ind1="0" ind2="0" tag="785"><subfield code="t">American Hebrew (New York, N.Y. : 1922)</subfield><subfield code="w">(DLC)  2011263345</subfield><subfield code="w">(OCoLC)758537368</subfield></datafield><datafield ind1="4" ind2="0" tag="856"><subfield code="u">http://search.proquest.com/hnpamericanhebrew/</subfield></datafield><datafield ind1="4" ind2="0" tag="856"><subfield code="3">Google</subfield><subfield code="u">http://books.google.com/books?id=vYg4AQAAMAAJ</subfield></datafield><datafield ind1="4" ind2="0" tag="856"><subfield code="3">HathiTrust Digital Library, Full view</subfield><subfield code="u">http://catalog.hathitrust.org/api/volumes/oclc/10396001.html</subfield></datafield><datafield ind1="4" ind2="0" tag="856"><subfield code="3">Google</subfield><subfield code="u">http://books.google.com/books?id=M1xAAQAAMAAJ</subfield></datafield><datafield ind1="4" ind2="0" tag="856"><subfield code="3">Google</subfield><subfield code="u">http://books.google.com/books?id=UVxAAQAAMAAJ</subfield></datafield><datafield ind1="4" ind2="0" tag="856"><subfield code="3">Google</subfield><subfield code="u">http://books.google.com/books?id=cVxAAQAAMAAJ</subfield></datafield><datafield ind1="4" ind2="0" tag="856"><subfield code="3">Google</subfield><subfield code="u">http://books.google.com/books?id=_FtAAQAAMAAJ</subfield></datafield><datafield ind1="4" ind2="0" tag="856"><subfield code="3">Google</subfield><subfield code="u">http://books.google.com/books?id=6VtAAQAAMAAJ</subfield></datafield><datafield ind1="4" ind2="0" tag="856"><subfield code="3">Google</subfield><subfield code="u">http://books.google.com/books?id=oVxAAQAAMAAJ</subfield></datafield></record>